@article{Farzan2014,
      author         = "Farzan, Yasaman and Palomares-Ruiz, Sergio",
      title          = "{Dips in the Diffuse Supernova Neutrino Background}",
      journal        = "JCAP",
      volume         = "1406",
      year           = "2014",
      pages          = "014",
      doi            = "10.1088/1475-7516/2014/06/014",
      eprint         = "1401.7019",
      archivePrefix  = "arXiv",
      primaryClass   = "hep-ph",
      reportNumber   = "IFIC-14-02",
      SLACcitation   = "%%CITATION = ARXIV:1401.7019;%%"
}

@article{Patel:2015tea,
      author         = "Patel, Hiren H.",
      title          = "{Package-X: A Mathematica package for the analytic
                        calculation of one-loop integrals}",
      journal        = "Comput. Phys. Commun.",
      volume         = "197",
      year           = "2015",
      pages          = "276-290",
      doi            = "10.1016/j.cpc.2015.08.017",
      eprint         = "1503.01469",
      archivePrefix  = "arXiv",
      primaryClass   = "hep-ph",
      SLACcitation   = "%%CITATION = ARXIV:1503.01469;%%"
}

@book{Thomson:2013zua,
      author         = "Thomson, Mark",
      title          = "{Modern particle physics}",
      publisher      = "Cambridge University Press",
      address        = "New York",
      year           = "2013",
      url            = "http://www-spires.fnal.gov/spires/find/books/www?cl=QC793.2.T46::2013",
      ISBN           = "9781107034266",
      SLACcitation   = "%%CITATION = INSPIRE-1326857;%%"
}
