@book{Thomson:2013zua,
      author         = "Thomson, Mark",
      title          = "{Modern particle physics}",
      publisher      = "Cambridge University Press",
      address        = "New York",
      year           = "2013",
      url            = "http://www-spires.fnal.gov/spires/find/books/www?cl=QC793.2.T46::2013",
      ISBN           = "9781107034266",
      SLACcitation   = "%%CITATION = INSPIRE-1326857;%%"
}

@article{Yao2018,
      author         = "Yao, Chang-Yuan and Ding, Gui-Jun",
      title          = "{Systematic analysis of Dirac neutrino masses from a dimension five operator}",
      journal        = "Phys. Rev.",
      volume         = "D97",
      year           = "2018",
      number         = "9",
      pages          = "095042",
      doi            = "10.1103/PhysRevD.97.095042",
      eprint         = "1802.05231",
      archivePrefix  = "arXiv",
      primaryClass   = "hep-ph",
      reportNumber   = "USTC-ICTS-18-05",
      SLACcitation   = "%%CITATION = ARXIV:1802.05231;%%"
}
@article{Kelly,
      author         = "Kelly, Kevin J. and Machado, Pedro A. N.",
      title          = "{Multimessenger Astronomy and New Neutrino Physics}",
      journal        = "JCAP",
      volume         = "1810",
      year           = "2018",
      number         = "10",
      pages          = "048",
      doi            = "10.1088/1475-7516/2018/10/048",
      eprint         = "1808.02889",
      archivePrefix  = "arXiv",
      primaryClass   = "hep-ph",
      reportNumber   = "FERMILAB-PUB-18-374-T, NUHEP-TH/18-07",
      SLACcitation   = "%%CITATION = ARXIV:1808.02889;%%"
}
@article{Boehm,
      author         = "Boehm, CÃ©line and Dolan, Matthew J. and McCabe,
                        Christopher",
      title          = "{A Lower Bound on the Mass of Cold Thermal Dark Matter
                        from Planck}",
      journal        = "JCAP",
      volume         = "1308",
      year           = "2013",
      pages          = "041",
      doi            = "10.1088/1475-7516/2013/08/041",
      eprint         = "1303.6270",
      archivePrefix  = "arXiv",
      primaryClass   = "hep-ph",
      reportNumber   = "IPPP-13-18, DCPT-13-36",
      SLACcitation   = "%%CITATION = ARXIV:1303.6270;%%"
}
@article{Bertuzzo,
      author         = "Bertuzzo, Enrico and Jana, Sudip and Machado, Pedro A. N.
                        and Zukanovich Funchal, Renata",
      title          = "{Neutrino Masses and Mixings Dynamically Generated by a
                        Light Dark Sector}",
      journal        = "Phys. Lett.",
      volume         = "B791",
      year           = "2019",
      pages          = "210-214",
      doi            = "10.1016/j.physletb.2019.02.023",
      eprint         = "1808.02500",
      archivePrefix  = "arXiv",
      primaryClass   = "hep-ph",
      reportNumber   = "FERMILAB-PUB-18-381-T, OSU-HEP-18-05",
      SLACcitation   = "%%CITATION = ARXIV:1808.02500;%%"
}
@inproceedings{Carr,
      author         = "Carr, Bernard",
      title          = "{Primordial black holes as dark matter and generators of
                        cosmic structure}",
      booktitle      = "{Symposium on Illuminating Dark Matter Kruen, Germany,
                        May 13-19, 2018}",
      year           = "2019",
      eprint         = "1901.07803",
      archivePrefix  = "arXiv",
      primaryClass   = "astro-ph.CO",
      SLACcitation   = "%%CITATION = ARXIV:1901.07803;%%"
}
@article{Bellini2018,
      author         = "Bellini, G. and Ludhova, L. and Ranucci, G. and Villante,
                        F. L.",
      title          = "{Neutrino oscillations}",
      journal        = "Adv. High Energy Phys.",
      volume         = "2014",
      year           = "2014",
      pages          = "191960",
      doi            = "10.1155/2014/191960",
      eprint         = "1310.7858",
      archivePrefix  = "arXiv",
      primaryClass   = "hep-ph",
      SLACcitation   = "%%CITATION = ARXIV:1310.7858;%%"
}
@article{Franarin2018,
      author         = "Franarin, Tarso and Fairbairn, Malcolm and Davis,
                        Jonathan H.",
      title          = "{JUNO Sensitivity to Resonant Absorption of Galactic
                        Supernova Neutrinos by Dark Matter}",
      year           = "2018",
      eprint         = "1806.05015",
      archivePrefix  = "arXiv",
      primaryClass   = "hep-ph",
      reportNumber   = "KCL-PH-TH/2018-25, KCL-PH-TH-2018-25",
      SLACcitation   = "%%CITATION = ARXIV:1806.05015;%%"
}
@article{Artamonov2016,
      author         = "Artamonov, A. V. and others",
      title          = "{Search for the rare decay $K^+\to\mu^+\nu\bar\nu\nu$}",
      collaboration  = "E949",
      journal        = "Phys. Rev.",
      volume         = "D94",
      year           = "2016",
      number         = "3",
      pages          = "032012",
      doi            = "10.1103/PhysRevD.94.032012",
      eprint         = "1606.09054",
      archivePrefix  = "arXiv",
      primaryClass   = "hep-ex",
      reportNumber   = "FERMILAB-PUB-16-364-CD",
      SLACcitation   = "%%CITATION = ARXIV:1606.09054;%%"
}
@article{Farzan2014,
      author         = "Farzan, Yasaman and Palomares-Ruiz, Sergio",
      title          = "{Dips in the Diffuse Supernova Neutrino Background}",
      journal        = "JCAP",
      volume         = "1406",
      year           = "2014",
      pages          = "014",
      doi            = "10.1088/1475-7516/2014/06/014",
      eprint         = "1401.7019",
      archivePrefix  = "arXiv",
      primaryClass   = "hep-ph",
      reportNumber   = "IFIC-14-02",
      SLACcitation   = "%%CITATION = ARXIV:1401.7019;%%"
}
@article{Bonnet2012,
      author         = "Bonnet, Florian and Hirsch, Martin and Ota, Toshihiko and
                        Winter, Walter",
      title          = "{Systematic study of the d=5 Weinberg operator at
                        one-loop order}",
      journal        = "JHEP",
      volume         = "07",
      year           = "2012",
      pages          = "153",
      doi            = "10.1007/JHEP07(2012)153",
      eprint         = "1204.5862",
      archivePrefix  = "arXiv",
      primaryClass   = "hep-ph",
      reportNumber   = "IFIC-12-26, MPP-2012-76",
      SLACcitation   = "%%CITATION = ARXIV:1204.5862;%%"
}
@article{Farzan2011,
      author         = "Farzan, Yasaman",
      title          = "{Strategies to link tiny neutrino masses with huge
                        missing mass of the Universe}",
      booktitle      = "{International Conference on Flavor Physics in the LHC
                        Era Singapore, Singapore, November 8-12, 2010}",
      journal        = "Int. J. Mod. Phys.",
      volume         = "A26",
      year           = "2011",
      pages          = "2461-2485",
      doi            = "10.1142/S0217751X11053572",
      eprint         = "1106.2948",
      archivePrefix  = "arXiv",
      primaryClass   = "hep-ph",
      SLACcitation   = "%%CITATION = ARXIV:1106.2948;%%"
}
@article{Farzan2010,
      author         = "Farzan, Yasaman",
      title          = "{A Framework to Simultaneously Explain Tiny Neutrino Mass
                        and Huge Missing Mass Problem of the Universe}",
      journal        = "Mod. Phys. Lett.",
      volume         = "A25",
      year           = "2010",
      pages          = "2111-2120",
      doi            = "10.1142/S0217732310034018",
      eprint         = "1009.1234",
      archivePrefix  = "arXiv",
      primaryClass   = "hep-ph",
      SLACcitation   = "%%CITATION = ARXIV:1009.1234;%%"
}
@article{Farzan2010a,
      author         = "Farzan, Yasaman and Pascoli, Silvia and Schmidt, Michael
                        A.",
      title          = "{AMEND: A model explaining neutrino masses and dark
                        matter testable at the LHC and MEG}",
      journal        = "JHEP",
      volume         = "10",
      year           = "2010",
      pages          = "111",
      doi            = "10.1007/JHEP10(2010)111",
      eprint         = "1005.5323",
      archivePrefix  = "arXiv",
      primaryClass   = "hep-ph",
      reportNumber   = "IPPP-10-10, DCPT-10-20",
      SLACcitation   = "%%CITATION = ARXIV:1005.5323;%%"
}
@article{Farzana2010,
      author         = "Farzan, Yasaman and Hashemi, Majid",
      title          = "{SLIM at LHC: LHC search power for a model linking dark
                        matter and neutrino mass}",
      journal        = "JHEP",
      volume         = "11",
      year           = "2010",
      pages          = "029",
      doi            = "10.1007/JHEP11(2010)029",
      eprint         = "1009.0829",
      archivePrefix  = "arXiv",
      primaryClass   = "hep-ph",
      SLACcitation   = "%%CITATION = ARXIV:1009.0829;%%"
}
@article{Ambrosino2009,
      author         = "Ambrosino, F. and others",
      title          = "{Precise measurement of $\Gamma(K \to e \nu(\gamma)) /
                        \Gamma(K \to \mu \nu(\gamma))$ and study of $K \to e \nu
                        \gamma$}",
      collaboration  = "KLOE",
      journal        = "Eur. Phys. J.",
      volume         = "C64",
      year           = "2009",
      pages          = "627-636",
      doi            = "10.1140/epjc/s10052-009-1217-6,
                        10.1140/epjc/s10052-009-1177-x",
      note           = "[Erratum: Eur. Phys. J.65,703(2010)]",
      eprint         = "0907.3594",
      archivePrefix  = "arXiv",
      primaryClass   = "hep-ex",
      SLACcitation   = "%%CITATION = ARXIV:0907.3594;%%"
}
@article{Farzan2009,
      author         = "Farzan, Yasaman",
      title          = "{A Minimal model linking two great mysteries: neutrino
                        mass and dark matter}",
      journal        = "Phys. Rev.",
      volume         = "D80",
      year           = "2009",
      pages          = "073009",
      doi            = "10.1103/PhysRevD.80.073009",
      eprint         = "0908.3729",
      archivePrefix  = "arXiv",
      primaryClass   = "hep-ph",
      SLACcitation   = "%%CITATION = ARXIV:0908.3729;%%"
}
@article{Bednyakov2007,
      author         = "Bednyakov, V. A. and Giokaris, N. D. and Bednyakov, A.
                        V.",
      title          = "{On Higgs mass generation mechanism in the Standard
                        Model}",
      journal        = "Phys. Part. Nucl.",
      volume         = "39",
      year           = "2008",
      pages          = "13-36",
      doi            = "10.1007/s11496-008-1002-9",
      eprint         = "hep-ph/0703280",
      archivePrefix  = "arXiv",
      primaryClass   = "HEP-PH",
      SLACcitation   = "%%CITATION = HEP-PH/0703280;%%"
}
@article{Ma2006,
      author         = "Ma, Ernest",
      title          = "{Common origin of neutrino mass, dark matter, and
                        baryogenesis}",
      journal        = "Mod. Phys. Lett.",
      volume         = "A21",
      year           = "2006",
      pages          = "1777-1782",
      doi            = "10.1142/S0217732306021141",
      eprint         = "hep-ph/0605180",
      archivePrefix  = "arXiv",
      primaryClass   = "hep-ph",
      reportNumber   = "UCRHEP-T410-MAY-2006",
      SLACcitation   = "%%CITATION = HEP-PH/0605180;%%"
}
@article{Ma2006a,
      author         = "Ma, Ernest",
      title          = "{Verifiable radiative seesaw mechanism of neutrino mass
                        and dark matter}",
      journal        = "Phys. Rev.",
      volume         = "D73",
      year           = "2006",
      pages          = "077301",
      doi            = "10.1103/PhysRevD.73.077301",
      eprint         = "hep-ph/0601225",
      archivePrefix  = "arXiv",
      primaryClass   = "hep-ph",
      reportNumber   = "UCRHEP-T403",
      SLACcitation   = "%%CITATION = HEP-PH/0601225;%%"
}
@article{Kubo2006,
      author         = "Kubo, Jisuke and Ma, Ernest and Suematsu, Daijiro",
      title          = "{Cold Dark Matter, Radiative Neutrino Mass, $\mu \to
                        e\gamma$, and Neutrinoless Double Beta Decay}",
      journal        = "Phys. Lett.",
      volume         = "B642",
      year           = "2006",
      pages          = "18-23",
      doi            = "10.1016/j.physletb.2006.08.085",
      eprint         = "hep-ph/0604114",
      archivePrefix  = "arXiv",
      primaryClass   = "hep-ph",
      reportNumber   = "UCRHEP-T409, KANAZAWA-06-01",
      SLACcitation   = "%%CITATION = HEP-PH/0604114;%%"
}
@article{Boehm2006,
      author         = "Boehm, Celine and Farzan, Yasaman and Hambye, Thomas and
                        Palomares-Ruiz, Sergio and Pascoli, Silvia",
      title          = "{Is it possible to explain neutrino masses with scalar
                        dark matter?}",
      journal        = "Phys. Rev.",
      volume         = "D77",
      year           = "2008",
      pages          = "043516",
      doi            = "10.1103/PhysRevD.77.043516",
      eprint         = "hep-ph/0612228",
      archivePrefix  = "arXiv",
      primaryClass   = "hep-ph",
      SLACcitation   = "%%CITATION = HEP-PH/0612228;%%"
}
@article{Serpico2004,
      author         = "Serpico, Pasquale Dario and Raffelt, Georg G.",
      title          = "{MeV-mass dark matter and primordial nucleosynthesis}",
      journal        = "Phys. Rev.",
      volume         = "D70",
      year           = "2004",
      pages          = "043526",
      doi            = "10.1103/PhysRevD.70.043526",
      eprint         = "astro-ph/0403417",
      archivePrefix  = "arXiv",
      primaryClass   = "astro-ph",
      reportNumber   = "MPP-2004-34",
      SLACcitation   = "%%CITATION = ASTRO-PH/0403417;%%"
}
@article{Murase2014,
      author         = "Murase, Kohta and Inoue, Yoshiyuki and Dermer, Charles
                        D.",
      title          = "{Diffuse Neutrino Intensity from the Inner Jets of Active
                        Galactic Nuclei: Impacts of External Photon Fields and the
                        Blazar Sequence}",
      journal        = "Phys. Rev.",
      volume         = "D90",
      year           = "2014",
      number         = "2",
      pages          = "023007",
      doi            = "10.1103/PhysRevD.90.023007",
      eprint         = "1403.4089",
      archivePrefix  = "arXiv",
      primaryClass   = "astro-ph.HE",
      SLACcitation   = "%%CITATION = ARXIV:1403.4089;%%"
}
@article{Boehm2004,
      author         = "Boehm, Celine and Schaeffer, Richard",
      title          = "{Constraints on dark matter interactions from structure
                        formation: Damping lengths}",
      journal        = "Astron. Astrophys.",
      volume         = "438",
      year           = "2005",
      pages          = "419-442",
      doi            = "10.1051/0004-6361:20042238",
      eprint         = "astro-ph/0410591",
      archivePrefix  = "arXiv",
      primaryClass   = "astro-ph",
      SLACcitation   = "%%CITATION = ASTRO-PH/0410591;%%"
}
@article{Boehm2003,
      author         = "Boehm, C. and Ensslin, T. A. and Silk, J.",
      title          = "{Can Annihilating dark matter be lighter than a few
                        GeVs?}",
      journal        = "J. Phys.",
      volume         = "G30",
      year           = "2004",
      pages          = "279-286",
      doi            = "10.1088/0954-3899/30/3/004",
      eprint         = "astro-ph/0208458",
      archivePrefix  = "arXiv",
      primaryClass   = "astro-ph",
      SLACcitation   = "%%CITATION = ASTRO-PH/0208458;%%"
}
@article{Davidson2002,
      author         = "Davidson, Sacha and Ibarra, Alejandro",
      title          = "{A Lower bound on the right-handed neutrino mass from
                        leptogenesis}",
      journal        = "Phys. Lett.",
      volume         = "B535",
      year           = "2002",
      pages          = "25-32",
      doi            = "10.1016/S0370-2693(02)01735-5",
      eprint         = "hep-ph/0202239",
      archivePrefix  = "arXiv",
      primaryClass   = "hep-ph",
      reportNumber   = "OUTP-02-10P, IPPP-02-16, DCPT-02-32",
      SLACcitation   = "%%CITATION = HEP-PH/0202239;%%"
}
@article{Ma2001,
      author         = "Ma, Ernest",
      title          = "{Naturally small seesaw neutrino mass with no new physics
                        beyond the TeV scale}",
      journal        = "Phys. Rev. Lett.",
      volume         = "86",
      year           = "2001",
      pages          = "2502-2504",
      doi            = "10.1103/PhysRevLett.86.2502",
      eprint         = "hep-ph/0011121",
      archivePrefix  = "arXiv",
      primaryClass   = "hep-ph",
      reportNumber   = "UCRHEP-T291",
      SLACcitation   = "%%CITATION = HEP-PH/0011121;%%"
}
@article{Ma1998,
      author         = "Ma, Ernest",
      title          = "{Pathways to naturally small neutrino masses}",
      journal        = "Phys. Rev. Lett.",
      volume         = "81",
      year           = "1998",
      pages          = "1171-1174",
      doi            = "10.1103/PhysRevLett.81.1171",
      eprint         = "hep-ph/9805219",
      archivePrefix  = "arXiv",
      primaryClass   = "hep-ph",
      reportNumber   = "UCRHEP-T-222",
      SLACcitation   = "%%CITATION = HEP-PH/9805219;%%"
}
@article{Ringwald2004,
      author         = "Ringwald, Andreas and Wong, Yvonne Y. Y.",
      title          = "{Gravitational clustering of relic neutrinos and
                        implications for their detection}",
      journal        = "JCAP",
      volume         = "0412",
      year           = "2004",
      pages          = "005",
      doi            = "10.1088/1475-7516/2004/12/005",
      eprint         = "hep-ph/0408241",
      archivePrefix  = "arXiv",
      primaryClass   = "hep-ph",
      reportNumber   = "DESY-04-147",
      SLACcitation   = "%%CITATION = HEP-PH/0408241;%%"
}
@article{Padovani2018,
      author         = "Padovani, P. and Giommi, P. and Resconi, E. and Glauch,
                        T. and Arsioli, B. and Sahakyan, N. and Huber, M.",
      title          = "{Dissecting the region around IceCube-170922A: the blazar
                        TXS 0506+056 as the first cosmic neutrino source}",
      journal        = "Mon. Not. Roy. Astron. Soc.",
      volume         = "480",
      year           = "2018",
      number         = "1",
      pages          = "192-203",
      doi            = "10.1093/mnras/sty1852",
      eprint         = "1807.04461",
      archivePrefix  = "arXiv",
      primaryClass   = "astro-ph.HE",
      SLACcitation   = "%%CITATION = ARXIV:1807.04461;%%"
}
@online{IceCube,
  author = {IceCube},
  title = {IceCube: South Pole Neutrino Observatory},
  year = 2018,
  url = {https://icecube.wisc.edu/science/icecube/detector},
  urldate = {2018-12-11}
}
@article{IceCube2018,
      author         = "Aartsen, M. G. and others",
      title          = "{Neutrino emission from the direction of the blazar TXS
                        0506+056 prior to the IceCube-170922A alert}",
      collaboration  = "IceCube",
      journal        = "Science",
      volume         = "361",
      year           = "2018",
      number         = "6398",
      pages          = "147-151",
      doi            = "10.1126/science.aat2890",
      eprint         = "1807.08794",
      archivePrefix  = "arXiv",
      primaryClass   = "astro-ph.HE",
      SLACcitation   = "%%CITATION = ARXIV:1807.08794;%%"
}
@article{Couchot2017,
      author         = "Couchot, F. and Henrot-VersillÃ©, S. and Perdereau, O.
                        and Plaszczynski, S. and RouillÃ© d'Orfeuil, B. and
                        Spinelli, M. and Tristram, M.",
      title          = "{Cosmological constraints on the neutrino mass including
                        systematic uncertainties}",
      journal        = "Astron. Astrophys.",
      volume         = "606",
      year           = "2017",
      pages          = "A104",
      doi            = "10.1051/0004-6361/201730927",
      eprint         = "1703.10829",
      archivePrefix  = "arXiv",
      primaryClass   = "astro-ph.CO",
      SLACcitation   = "%%CITATION = ARXIV:1703.10829;%%"
}
@article{King,
      author         = "King, Stephen F.",
      title          = "{Models of Neutrino Mass, Mixing and CP Violation}",
      journal        = "J. Phys.",
      volume         = "G42",
      year           = "2015",
      pages          = "123001",
      doi            = "10.1088/0954-3899/42/12/123001",
      eprint         = "1510.02091",
      archivePrefix  = "arXiv",
      primaryClass   = "hep-ph",
      SLACcitation   = "%%CITATION = ARXIV:1510.02091;%%"
}
@article{Ackermann2018,
      author         = "Aartsen, M. G. and others",
      title          = "{Multimessenger observations of a flaring blazar
                        coincident with high-energy neutrino IceCube-170922A}",
      collaboration  = "IceCube, Fermi-LAT, MAGIC, AGILE, ASAS-SN, HAWC,
                        H.E.S.S., INTEGRAL, Kanata, Kiso, Kapteyn, Liverpool
                        Telescope, Subaru, Swift NuSTAR, VERITAS, VLA/17B-403",
      journal        = "Science",
      volume         = "361",
      year           = "2018",
      number         = "6398",
      pages          = "eaat1378",
      doi            = "10.1126/science.aat1378",
      eprint         = "1807.08816",
      archivePrefix  = "arXiv",
      primaryClass   = "astro-ph.HE",
      SLACcitation   = "%%CITATION = ARXIV:1807.08816;%%"
}
@article{DiFranzo2015,
      author         = "DiFranzo, Anthony and Hooper, Dan",
      title          = "{Searching for MeV-Scale Gauge Bosons with IceCube}",
      journal        = "Phys. Rev.",
      volume         = "D92",
      year           = "2015",
      number         = "9",
      pages          = "095007",
      doi            = "10.1103/PhysRevD.92.095007",
      eprint         = "1507.03015",
      archivePrefix  = "arXiv",
      primaryClass   = "hep-ph",
      reportNumber   = "FERMILAB-PUB-15-292-A, UCI-HEP-TR-2015-11",
      SLACcitation   = "%%CITATION = ARXIV:1507.03015;%%"
}
@book{dermer2009high,
  title={High Energy Radiation from Black Holes: Gamma Rays, Cosmic Rays, and Neutrinos},
  author={Dermer, C.D. and Menon, G.},
  isbn={9780691144085},
  lccn={2009928093},
  series={Princeton Series in Astrophysics},
  year={2009},
  publisher={Princeton University Press}
}
@article{Hooper2018,
      author         = "Hooper, Dan and Linden, Tim and Vieregg, Abby",
      title          = "{Active Galactic Nuclei and the Origin of IceCube's
                        Diffuse Neutrino Flux}",
      journal        = "JCAP",
      volume         = "1902",
      year           = "2019",
      pages          = "012",
      doi            = "10.1088/1475-7516/2019/02/012",
      eprint         = "1810.02823",
      archivePrefix  = "arXiv",
      primaryClass   = "astro-ph.HE",
      reportNumber   = "FERMILAB-PUB-18-528-A",
      SLACcitation   = "%%CITATION = ARXIV:1810.02823;%%"
}
@article{Padovani2019,
      author         = "Padovani, P. and Oikonomou, F. and Petropoulou, M. and
                        Giommi, P. and Resconi, E.",
      title          = "{TXSâ0506+056, the first cosmic neutrino source, is not
                        a BL Lac}",
      journal        = "Mon. Not. Roy. Astron. Soc.",
      volume         = "484",
      year           = "2019",
      number         = "1",
      pages          = "L104-L108",
      doi            = "10.1093/mnrasl/slz011",
      eprint         = "1901.06998",
      archivePrefix  = "arXiv",
      primaryClass   = "astro-ph.HE",
      SLACcitation   = "%%CITATION = ARXIV:1901.06998;%%"
}
@article{Keivani2018,
      author         = "Keivani, A. and others",
      title          = "{A Multimessenger Picture of the Flaring Blazar TXS
                        0506+056: implications for High-Energy Neutrino Emission
                        and Cosmic Ray Acceleration}",
      journal        = "Astrophys. J.",
      volume         = "864",
      year           = "2018",
      number         = "1",
      pages          = "84",
      doi            = "10.3847/1538-4357/aad59a",
      eprint         = "1807.04537",
      archivePrefix  = "arXiv",
      primaryClass   = "astro-ph.HE",
      SLACcitation   = "%%CITATION = ARXIV:1807.04537;%%"
}
@online{HAWC,
  author = {Ignacio Taboada},
  title = {HAWC gamma ray data prior to IceCube-170922A},
  year = 2018,
  url = {http://www.astronomerstelegram.org/?read=10802},
  urldate = {2019-01-09}
}
@article{BoehmPascoli,
      author         = "Olivares-Del Campo, AndrÃ©s and BÅhm, CÃ©line and
                        Palomares-Ruiz, Sergio and Pascoli, Silvia",
      title          = "{Dark matter-neutrino interactions through the lens of
                        their cosmological implications}",
      journal        = "Phys. Rev.",
      volume         = "D97",
      year           = "2018",
      number         = "7",
      pages          = "075039",
      doi            = "10.1103/PhysRevD.97.075039",
      eprint         = "1711.05283",
      archivePrefix  = "arXiv",
      primaryClass   = "hep-ph",
      reportNumber   = "IFIC-17-54, IPPP-17-84",
      SLACcitation   = "%%CITATION = ARXIV:1711.05283;%%"
}
@article{Pandey2019,
      author         = "Pandey, Sujata and Karmakar, Siddhartha and Rakshit,
                        Subhendu",
      title          = "{Interactions of Astrophysical Neutrinos with Dark
                        Matter: A model building perspective}",
      journal        = "JHEP",
      volume         = "01",
      year           = "2019",
      pages          = "095",
      doi            = "10.1007/JHEP01(2019)095",
      eprint         = "1810.04203",
      archivePrefix  = "arXiv",
      primaryClass   = "hep-ph",
      SLACcitation   = "%%CITATION = ARXIV:1810.04203;%%"
}
@article{Karmakar2018,
      author         = "Karmakar, Siddhartha and Pandey, Sujata and Rakshit,
                        Subhendu",
      title          = "{Are We Looking at Neutrino Absorption Spectra at
                        IceCube?}",
      year           = "2018",
      eprint         = "1810.04192",
      archivePrefix  = "arXiv",
      primaryClass   = "hep-ph",
      SLACcitation   = "%%CITATION = ARXIV:1810.04192;%%"
}
@article{Escudero2019,
      author         = "Escudero, Miguel",
      title          = "{Neutrino decoupling beyond the Standard Model: CMB
                        constraints on the Dark Matter mass with a fast and
                        precise $N_{\rm eff}$ evaluation}",
      journal        = "JCAP",
      volume         = "1902",
      year           = "2019",
      pages          = "007",
      doi            = "10.1088/1475-7516/2019/02/007",
      eprint         = "1812.05605",
      archivePrefix  = "arXiv",
      primaryClass   = "hep-ph",
      reportNumber   = "KCL-2018-76",
      SLACcitation   = "%%CITATION = ARXIV:1812.05605;%%"
}
@article{Nollett2015,
      author         = "Nollett, Kenneth M. and Steigman, Gary",
      title          = "{BBN And The CMB Constrain Neutrino Coupled Light WIMPs}",
      journal        = "Phys. Rev.",
      volume         = "D91",
      year           = "2015",
      number         = "8",
      pages          = "083505",
      doi            = "10.1103/PhysRevD.91.083505",
      eprint         = "1411.6005",
      archivePrefix  = "arXiv",
      primaryClass   = "astro-ph.CO",
      SLACcitation   = "%%CITATION = ARXIV:1411.6005;%%"
}
@article{Kreisch,
      author         = "Kreisch, Christina D. and Cyr-Racine, Francis-Yan and
                        DorÃ©, Olivier",
      title          = "{The Neutrino Puzzle: Anomalies, Interactions, and
                        Cosmological Tensions}",
      year           = "2019",
      eprint         = "1902.00534",
      archivePrefix  = "arXiv",
      primaryClass   = "astro-ph.CO",
      SLACcitation   = "%%CITATION = ARXIV:1902.00534;%%"
}
@article{Wilkinson,
      author         = "Wilkinson, Ryan J. and Vincent, Aaron C. and BÅhm,
                        CÃ©line and McCabe, Christopher",
      title          = "{Ruling out the light weakly interacting massive particle
                        explanation of the Galactic 511 keV line}",
      journal        = "Phys. Rev.",
      volume         = "D94",
      year           = "2016",
      number         = "10",
      pages          = "103525",
      doi            = "10.1103/PhysRevD.94.103525",
      eprint         = "1602.01114",
      archivePrefix  = "arXiv",
      primaryClass   = "astro-ph.CO",
      reportNumber   = "IPPP-16-09",
      SLACcitation   = "%%CITATION = ARXIV:1602.01114;%%"
}
@article{Depta2019,
      author         = "Depta, Paul Frederik and Hufnagel, Marco and
                        Schmidt-Hoberg, Kai and Wild, Sebastian",
      title          = "{BBN constraints on the annihilation of MeV-scale dark
                        matter}",
      journal        = "JCAP",
      volume         = "1904",
      year           = "2019",
      pages          = "029",
      doi            = "10.1088/1475-7516/2019/04/029",
      eprint         = "1901.06944",
      archivePrefix  = "arXiv",
      primaryClass   = "hep-ph",
      reportNumber   = "DESY-19-006, DESY 19-006",
      SLACcitation   = "%%CITATION = ARXIV:1901.06944;%%"
}
@article{Ioka2014,
      author         = "Ioka, Kunihto and Murase, Kohta",
      title          = "{IceCube PeVâEeV neutrinos and secret interactions of
                        neutrinos}",
      journal        = "PTEP",
      volume         = "2014",
      year           = "2014",
      number         = "6",
      pages          = "061E01",
      doi            = "10.1093/ptep/ptu090",
      eprint         = "1404.2279",
      archivePrefix  = "arXiv",
      primaryClass   = "astro-ph.HE",
      reportNumber   = "KEK-TH-1723, KEK-COSMO-141",
      SLACcitation   = "%%CITATION = ARXIV:1404.2279;%%"
}
@article{Gao2018nat,
      author         = "Gao, Shan and Fedynitch, Anatoli and Winter, Walter and
                        Pohl, Martin",
      title          = "{Modelling the coincident observation of a high-energy
                        neutrino and a bright blazar flare}",
      journal        = "Nat. Astron.",
      volume         = "3",
      year           = "2019",
      number         = "1",
      pages          = "88-92",
      doi            = "10.1038/s41550-018-0610-1",
      eprint         = "1807.04275",
      archivePrefix  = "arXiv",
      primaryClass   = "astro-ph.HE",
      SLACcitation   = "%%CITATION = ARXIV:1807.04275;%%"
}
@article{Rodrigues2018,
      author         = "Rodrigues, Xavier and Gao, Shan and Fedynitch, Anatoli
                        and Palladino, Andrea and Winter, Walter",
      title          = "{Leptohadronic Blazar Models Applied to the 2014â2015
                        Flare of TXS 0506+056}",
      journal        = "Astrophys. J.",
      volume         = "874",
      year           = "2019",
      number         = "2",
      pages          = "L29",
      doi            = "10.3847/2041-8213/ab1267",
      eprint         = "1812.05939",
      archivePrefix  = "arXiv",
      primaryClass   = "astro-ph.HE",
      SLACcitation   = "%%CITATION = ARXIV:1812.05939;%%"
}
@article{Planck,
      author         = "Aghanim, N. and others",
      title          = "{Planck 2018 results. VI. Cosmological parameters}",
      collaboration  = "Planck",
      year           = "2018",
      eprint         = "1807.06209",
      archivePrefix  = "arXiv",
      primaryClass   = "astro-ph.CO",
      SLACcitation   = "%%CITATION = ARXIV:1807.06209;%%"
}
@article{Steigman2012,
      author         = "Steigman, Gary and Dasgupta, Basudeb and Beacom, John F.",
      title          = "{Precise Relic WIMP Abundance and its Impact on Searches
                        for Dark Matter Annihilation}",
      journal        = "Phys. Rev.",
      volume         = "D86",
      year           = "2012",
      pages          = "023506",
      doi            = "10.1103/PhysRevD.86.023506",
      eprint         = "1204.3622",
      archivePrefix  = "arXiv",
      primaryClass   = "hep-ph",
      SLACcitation   = "%%CITATION = ARXIV:1204.3622;%%"
}
@article{Mucke:1998mk,
      author         = "Mucke, A. and Rachen, J. P. and Engel, Ralph and
                        Protheroe, R. J. and Stanev, Todor",
      title          = "{On photohadronic processes in astrophysical
                        environments}",
      journal        = "Publ. Astron. Soc. Austral.",
      volume         = "16",
      year           = "1999",
      pages          = "160",
      doi            = "10.1071/AS99160",
      eprint         = "astro-ph/9808279",
      archivePrefix  = "arXiv",
      primaryClass   = "astro-ph",
      reportNumber   = "ADP-AT-98-3, BA-98-39",
      SLACcitation   = "%%CITATION = ASTRO-PH/9808279;%%"
}
@article{Szabo:1994qx,
      author         = "Szabo, A. P. and Protheroe, R. J.",
      title          = "{Implications of particle acceleration in active galactic
                        nuclei for cosmic rays and high-energy neutrino
                        astronomy}",
      journal        = "Astropart. Phys.",
      volume         = "2",
      year           = "1994",
      pages          = "375-392",
      doi            = "10.1016/0927-6505(94)90027-2",
      eprint         = "astro-ph/9405020",
      archivePrefix  = "arXiv",
      primaryClass   = "astro-ph",
      reportNumber   = "ADP-AT-94-4",
      SLACcitation   = "%%CITATION = ASTRO-PH/9405020;%%"
}
@article{Ahnen:2018mvi,
      author         = "Ansoldi, S. and others",
      title          = "{The blazar TXS 0506+056 associated with a high-energy
                        neutrino: insights into extragalactic jets and cosmic ray
                        acceleration}",
      collaboration  = "MAGIC",
      journal        = "Astrophys. J. Lett.",
      year           = "2018",
      doi            = "10.3847/2041-8213/aad083",
      note           = "[Astrophys. J.863,L10(2018)]",
      eprint         = "1807.04300",
      archivePrefix  = "arXiv",
      primaryClass   = "astro-ph.HE",
      SLACcitation   = "%%CITATION = ARXIV:1807.04300;%%"
}
@article{DeLavallaz:2011ju,
      author         = "De Lavallaz, Arnaud and Fairbairn, Malcolm",
      title          = "{Voids as Alternatives to Dark Energy and the Propagation
                        of Gamma Rays through the Universe}",
      journal        = "Phys. Rev. Lett.",
      volume         = "108",
      year           = "2012",
      pages          = "171301",
      doi            = "10.1103/PhysRevLett.108.171301",
      eprint         = "1111.4577",
      archivePrefix  = "arXiv",
      primaryClass   = "astro-ph.CO",
      SLACcitation   = "%%CITATION = ARXIV:1111.4577;%%"
}
@article{Finke:2009xi,
      author         = "Finke, Justin D. and Razzaque, Soebur and Dermer, Charles
                        D.",
      title          = "{Modeling the Extragalactic Background Light from Stars
                        and Dust}",
      journal        = "Astrophys. J.",
      volume         = "712",
      year           = "2010",
      pages          = "238-249",
      doi            = "10.1088/0004-637X/712/1/238",
      eprint         = "0905.1115",
      archivePrefix  = "arXiv",
      primaryClass   = "astro-ph.HE",
      SLACcitation   = "%%CITATION = ARXIV:0905.1115;%%"
}